<record xmlns="http://www.loc.gov/MARC21/slim" xmlns:xsi="http://www.w3.org/2001/XMLSchema-instance" xsi:schemaLocation="http://www.loc.gov/MARC21/slim http://www.loc.gov/standards/marcxml/schema/MARC21slim.xsd"><leader>     nam a22        4500</leader><controlfield tag="001">3076912</controlfield><controlfield tag="003">NNC</controlfield><controlfield tag="006">m        d        </controlfield><controlfield tag="007">cr cn |||m|||a</controlfield><controlfield tag="008">150601s1955    le c    o     000 0 ara d</controlfield><datafield ind1=" " ind2=" " tag="040"><subfield code="a">NNU</subfield><subfield code="b">eng</subfield><subfield code="e">rda</subfield><subfield code="c">NNU</subfield></datafield><datafield ind1="1" ind2=" " tag="100"><subfield code="6">880-01</subfield><subfield code="a">Zurayq, Sa&#772;ba&#772;. </subfield></datafield><datafield ind1="1" ind2="0" tag="245"><subfield code="6">880-02</subfield><subfield code="a">Di&#772;wa&#772;n Sa&#772;ba&#772; Zuraiq :</subfield><subfield code="b">sha&#772;&#699;ir al-Fai&#772;h&#803;a&#700; /</subfield><subfield code="c">[Sa&#772;ba&#772; Zurayq].</subfield></datafield><datafield ind1=" " ind2=" " tag="260"><subfield code="6">880-03</subfield><subfield code="a">T&#803;ara&#772;bulus [al-Sha&#700;m] :</subfield><subfield code="b">Da&#772;r al-Insha&#772;&#700; lil-T&#803;iba&#772;&#699;ah wa-al-Nashr,</subfield><subfield code="c">1955.</subfield></datafield><datafield ind1=" " ind2=" " tag="300"><subfield code="a">online resource (11, 751 pages) :</subfield><subfield code="b">portrait</subfield></datafield><datafield ind1=" " ind2=" " tag="336"><subfield code="a">text</subfield><subfield code="2">rdacontent</subfield></datafield><datafield ind1=" " ind2=" " tag="337"><subfield code="a">computer</subfield><subfield code="2">rdamedia</subfield></datafield><datafield ind1=" " ind2=" " tag="338"><subfield code="a">online resource</subfield><subfield code="2">rdacarrier</subfield></datafield><datafield ind1=" " ind2=" " tag="500"><subfield code="a">Preface by Bu&#772;lus Sala&#772;ma.</subfield></datafield><datafield ind1=" " ind2=" " tag="500"><subfield code="a">Part of the Arabic Collections Online (ACO) project, contributed by Columbia University Libraries.</subfield></datafield><datafield ind1=" " ind2=" " tag="533"><subfield code="a">Electronic reproduction.</subfield><subfield code="b">New York, N.Y. :</subfield><subfield code="c">New York University,</subfield><subfield code="d">2015.</subfield><subfield code="5">NNU</subfield></datafield><datafield ind1=" " ind2="0" tag="650"><subfield code="a">Arabic poetry.</subfield></datafield><datafield ind1="2" ind2=" " tag="710"><subfield code="a">Columbia University.</subfield><subfield code="b">Libraries.</subfield></datafield><datafield ind1="0" ind2=" " tag="730"><subfield code="a">Arabic Collections Online.</subfield></datafield><datafield ind1="0" ind2="8" tag="776"><subfield code="i">Print version:</subfield><subfield code="a">Zurayq, Sa&#772;ba&#772;.</subfield><subfield code="t">Di&#772;wa&#772;n Sa&#772;ba&#772; Zuraiq</subfield><subfield code="w">(NNC)3076912</subfield><subfield code="w">(OCoLC)47864652</subfield></datafield><datafield ind1="4" ind2="0" tag="856"><subfield code="u">http://hdl.handle.net/2333.1/sqv9s72z</subfield></datafield><datafield ind1="1" ind2=" " tag="880"><subfield code="6">100-01/r</subfield><subfield code="a">&#1586;&#1585;&#1610;&#1602;&#1548; &#1587;&#1575;&#1576;&#1575;.</subfield></datafield><datafield ind1="1" ind2="0" tag="880"><subfield code="6">245-02/r</subfield><subfield code="a">&#1583;&#1610;&#1608;&#1575;&#1606; &#1587;&#1575;&#1576;&#1575; &#1586;&#1585;&#1602; :</subfield><subfield code="b">&#1588;&#1575;&#1593;&#1585; &#1575;&#1604;&#1601;&#1610;&#1581;&#1575;&#1569; /</subfield><subfield code="c">[&#1587;&#1575;&#1576;&#1575; &#1586;&#1585;&#1610;&#1602;].</subfield></datafield><datafield ind1=" " ind2=" " tag="880"><subfield code="6">260-03/r</subfield><subfield code="a">&#1591;&#1585;&#1575;&#1576;&#1604;&#1587; [&#1575;&#1604;&#1588;&#1571;&#1605;] :</subfield><subfield code="b">&#1583;&#1575;&#1585; &#1575;&#1604;&#1575;&#1606;&#1588;&#1575;&#1569; &#1604;&#1604;&#1591;&#1576;&#1575;&#1593;&#1577; &#1608;&#1575;&#1604;&#1606;&#1588;&#1585;&#1548;</subfield><subfield code="c">1955.</subfield></datafield><datafield ind1=" " ind2=" " tag="959"><subfield code="a">NNU</subfield><subfield code="b">WEB</subfield><subfield code="c">GENI</subfield><subfield code="t">0</subfield><subfield code="m">Electronic access</subfield><subfield code="s">01</subfield></datafield><datafield ind1=" " ind2=" " tag="999"><subfield code="i">NNC_3076912</subfield><subfield code="o">(OCoLC)ocm47864652</subfield><subfield code="s">columbia_aco000446</subfield><subfield code="e">(ERROR-880)</subfield><subfield code="s">columbia_aco000446</subfield></datafield></record>